<record><leader>00000cas a22000007a 4500</leader><controlfield tag="001">9438078</controlfield><controlfield tag="008">830422d18261828mauwr ne      0    0eng d</controlfield><datafield ind1=" " ind2=" " tag="010"><subfield code="a">sn 83020591 </subfield></datafield><datafield ind1=" " ind2=" " tag="040"><subfield code="a">NPX</subfield><subfield code="b">eng</subfield><subfield code="c">NPX</subfield><subfield code="d">NYG</subfield><subfield code="d">MGN</subfield><subfield code="d">OCLCQ</subfield></datafield><datafield ind1=" " ind2=" " tag="042"><subfield code="a">msc</subfield></datafield><datafield ind1="0" ind2=" " tag="130"><subfield code="a">Nantucket journal (Nantucket, Mass. : 1826)</subfield></datafield><datafield ind1="1" ind2="0" tag="245"><subfield code="a">Nantucket journal.</subfield></datafield><datafield ind1=" " ind2=" " tag="260"><subfield code="a">Nantucket [Mass.] :</subfield><subfield code="b">William H. Bigelow</subfield></datafield><datafield ind1=" " ind2=" " tag="300"><subfield code="a">v. ;</subfield><subfield code="c">53 cm.</subfield></datafield><datafield ind1=" " ind2=" " tag="310"><subfield code="a">Weekly</subfield></datafield><datafield ind1="0" ind2=" " tag="362"><subfield code="a">-v. 2, no. 37 (May 30, 1828).</subfield></datafield><datafield ind1="1" ind2=" " tag="362"><subfield code="a">Began Sept. 14, 1826.</subfield></datafield><datafield ind1=" " ind2=" " tag="500"><subfield code="a">Published on Thursday, &lt;Jan. 18, 1827-May 3, 1827&gt;; published on Friday, &lt;May 25, 1827&gt;-</subfield></datafield><datafield ind1=" " ind2=" " tag="515"><subfield code="a">Issue for May 3, 1827 misdated May 2, 1827; issue for June 1, 1827 misdated May 1, 1827.</subfield></datafield><datafield ind1=" " ind2=" " tag="588"><subfield code="a">Description based on: Vol. 1, no. 2 (Sept. 21, 1826).</subfield></datafield><datafield ind1=" " ind2=" " tag="752"><subfield code="a">United States</subfield><subfield code="b">Massachusetts</subfield><subfield code="c">Nantucket</subfield><subfield code="d">Nantucket.</subfield></datafield></record>